<?xml version = "1.0" encoding = "UTF-8"?><OAI-PMH xmlns="http://www.openarchives.org/OAI/2.0/" xmlns:xsi="http://www.w3.org/2001/XMLSchema-instance" xsi:schemaLocation="http://www.openarchives.org/OAI/2.0/ http://www.openarchives.org/OAI/2.0/OAI-PMH.xsd"><ListRecords><record><header><identifier>aleph-publish:036662479</identifier></header><metadata><record xmlns="http://www.ddb.de/professionell/mabxml/mabxml-1.xsd"><leader>------M2.01200024------h</leader><controlfield tag="LDR">------M2.01200024------h</controlfield><controlfield tag="FMT">MH</controlfield><datafield tag="001" ind1="-" ind2="1"><subfield code="a">HT020469610</subfield></datafield><datafield tag="002" ind1="a" ind2="1"><subfield code="a">20200603</subfield></datafield><datafield tag="003" ind1="-" ind2="1"><subfield code="a">20221108</subfield></datafield><datafield tag="026" ind1="-" ind2="1"><subfield code="a">HBZHT020469610</subfield></datafield><controlfield tag="030">a|zur||||||17</controlfield><datafield tag="036" ind1="a" ind2="1"><subfield code="a">DE</subfield></datafield><datafield tag="037" ind1="b" ind2="1"><subfield code="a">ger</subfield></datafield><controlfield tag="050">||||||||g|||||</controlfield><controlfield tag="051">m|||||||</controlfield><datafield tag="060" ind1="-" ind2="1"><subfield code="b">txt</subfield><subfield code="a">Text</subfield></datafield><datafield tag="061" ind1="-" ind2="1"><subfield code="b">c</subfield><subfield code="a">Computermedien</subfield></datafield><datafield tag="062" ind1="-" ind2="1"><subfield code="b">cr</subfield><subfield code="a">Online-Ressource</subfield></datafield><datafield tag="070" ind1="-" ind2="1"><subfield code="a">Hag 4</subfield></datafield><datafield tag="070" ind1="b" ind2="1"><subfield code="a">575</subfield></datafield><datafield tag="078" ind1="i" ind2="1"><subfield code="a">iall</subfield></datafield><datafield tag="078" ind1="e" ind2="1"><subfield code="a">ZDB-30-PQE</subfield></datafield><datafield tag="080" ind1="-" ind2="1"><subfield code="a">60</subfield></datafield><datafield tag="100" ind1="-" ind2="1"><subfield code="p">Gramelt, Katja</subfield><subfield code="9">(DE-588)140303286</subfield></datafield><datafield tag="331" ind1="-" ind2="1"><subfield code="a">&lt;&lt;Der&gt;&gt; Anti-Bias-Ansatz</subfield></datafield><datafield tag="335" ind1="-" ind2="1"><subfield code="a">Zu Konzept und Praxis einer Pädagogik für den Umgang mit (kultureller) Vielfalt</subfield></datafield><datafield tag="359" ind1="-" ind2="1"><subfield code="a">Katja Gramelt</subfield></datafield><datafield tag="419" ind1="-" ind2="1"><subfield code="a">Wiesbaden</subfield><subfield code="b">VS Verlag fur Sozialwissenschaften GmbH</subfield><subfield code="c">2010</subfield></datafield><datafield tag="425" ind1="a" ind2="1"><subfield code="a">2010</subfield></datafield><datafield tag="433" ind1="-" ind2="1"><subfield code="a">1 Online-Ressource (230 Seiten)</subfield></datafield><datafield tag="537" ind1="-" ind2="1"><subfield code="a">Gesehen am: 03.06.2020 (Startseite)</subfield></datafield><datafield tag="540" ind1="a" ind2="1"><subfield code="a">978-3-5319-2208-9</subfield><subfield code="b">eBook</subfield></datafield><datafield tag="776" ind1="-" ind2="1"><subfield code="i">Erscheint auch als</subfield><subfield code="n">Druck-Ausgabe</subfield><subfield code="z">978-3-5311-7133-3</subfield></datafield><controlfield tag="SYS">036662479</controlfield><datafield tag="LOW" ind1="-" ind2="1"><subfield code="a">Z9037</subfield></datafield><datafield tag="088" ind1=" " ind2=" "><subfield code="a">Hag 4/ET</subfield></datafield><datafield tag="088" ind1=" " ind2=" "><subfield code="a">575</subfield></datafield><datafield tag="655" ind1="e" ind2="9"><subfield code="u">https://ebookcentral.proquest.com/lib/hfm-detmold/detail.action?docID=748799</subfield><subfield code="2">Z9037</subfield></datafield></record></metadata></record></ListRecords></OAI-PMH>